@book{kincaid,
    author    = "David Kincaid, Ward Cheney",
    title     = "Analiza numeryczna",
    publisher = "Wydawnictwa Naukowo-Techniczne Warszawa",
    year      = "2006"
}