@book{anmat1,
    author    = "Marian Gewert, Zbigniew Skoczylas",
    title     = "Analiza matematyczna 1, Definicje, twierdzenia, wzory",
    publisher = "Oficyna Wydawnicza GiS",
    year      = "1991"
}
